@article{smeets2013allured,
  title={Allured or alarmed: counteractive control responses to food temptations in the brain},
  author={Smeets, Paul AM and Kroese, Floor M and Evers, Catharine and de Ridder, Denise TD},
  journal={Behavioural brain research},
  volume={248},
  pages={41--45},
  year={2013},
  publisher={Elsevier}
}

@inproceedings{shi2018feature,
  title={Feature Learning and Classification in Neuroimaging: Predicting Cognitive Impairment from Magnetic Resonance Imaging},
  author={Shi, Shan and Nathoo, Farouk},
  booktitle={2018 4th International Conference on Big Data and Information Analytics (BigDIA)},
  pages={1--5},
  year={2018},
  organization={IEEE}
}

@article{henschel2019fastsurfer,
  title={FastSurfer--A fast and accurate deep learning based neuroimaging pipeline},
  author={Henschel, Leonie and Conjeti, Sailesh and Estrada, Santiago and Diers, Kersten and Fischl, Bruce and Reuter, Martin},
  journal={arXiv preprint arXiv:1910.03866},
  year={2019}
}

@article{plis2014deep,
  title={Deep learning for neuroimaging: a validation study},
  author={Plis, Sergey M and Hjelm, Devon R and Salakhutdinov, Ruslan and Allen, Elena A and Bockholt, Henry J and Long, Jeffrey D and Johnson, Hans J and Paulsen, Jane S and Turner, Jessica A and Calhoun, Vince D},
  journal={Frontiers in neuroscience},
  volume={8},
  pages={229},
  year={2014},
  publisher={Frontiers}
}

@article{payan2015predicting,
  title={Predicting Alzheimer's disease: a neuroimaging study with 3D convolutional neural networks},
  author={Payan, Adrien and Montana, Giovanni},
  journal={arXiv preprint arXiv:1502.02506},
  year={2015}
}

@article{akkus2017deep,
  title={Deep learning for brain MRI segmentation: state of the art and future directions},
  author={Akkus, Zeynettin and Galimzianova, Alfiia and Hoogi, Assaf and Rubin, Daniel L and Erickson, Bradley J},
  journal={Journal of digital imaging},
  volume={30},
  number={4},
  pages={449--459},
  year={2017},
  publisher={Springer}
}

@inproceedings{he2016deep,
  title={Deep residual learning for image recognition},
  author={He, Kaiming and Zhang, Xiangyu and Ren, Shaoqing and Sun, Jian},
  booktitle={Proceedings of the IEEE conference on computer vision and pattern recognition},
  pages={770--778},
  year={2016}
}

@inproceedings{tran2018closer,
  title={A closer look at spatiotemporal convolutions for action recognition},
  author={Tran, Du and Wang, Heng and Torresani, Lorenzo and Ray, Jamie and LeCun, Yann and Paluri, Manohar},
  booktitle={Proceedings of the IEEE conference on Computer Vision and Pattern Recognition},
  pages={6450--6459},
  year={2018}
}

@inproceedings{hara3dcnns,
  author={Kensho Hara and Hirokatsu Kataoka and Yutaka Satoh},
  title={Can Spatiotemporal 3D CNNs Retrace the History of 2D CNNs and ImageNet?},
  booktitle={Proceedings of the IEEE Conference on Computer Vision and Pattern Recognition (CVPR)},
  pages={6546--6555},
  year={2018},
}